<?xml version = "1.0" encoding = "UTF-8"?><OAI-PMH xmlns="http://www.openarchives.org/OAI/2.0/" xmlns:xsi="http://www.w3.org/2001/XMLSchema-instance" xsi:schemaLocation="http://www.openarchives.org/OAI/2.0/ http://www.openarchives.org/OAI/2.0/OAI-PMH.xsd"><ListRecords><record><header><identifier>aleph-publish:008598364</identifier></header><metadata><record xmlns="http://www.ddb.de/professionell/mabxml/mabxml-1.xsd"><leader>00206vM2.01200024------u</leader><controlfield tag="LDR">00206vM2.01200024------u</controlfield><controlfield tag="FMT">MU</controlfield><datafield tag="001" ind1="-" ind2="1"><subfield code="a">HT008359420</subfield></datafield><datafield tag="001" ind1="-" ind2="2"><subfield code="a">HT008359395</subfield></datafield><datafield tag="002" ind1="a" ind2="1"><subfield code="a">19980422</subfield></datafield><datafield tag="002" ind1="a" ind2="2"><subfield code="a">19990510</subfield></datafield><datafield tag="003" ind1="-" ind2="1"><subfield code="a">20210408070327.0</subfield></datafield><datafield tag="003" ind1="-" ind2="2"><subfield code="a">20210408001012.0</subfield></datafield><datafield tag="010" ind1="-" ind2="1"><subfield code="a">HT008359395</subfield></datafield><datafield tag="025" ind1="o" ind2="1"><subfield code="a">1068894509</subfield></datafield><datafield tag="025" ind1="o" ind2="2"><subfield code="a">643517094</subfield></datafield><controlfield tag="030">a|1uc||||||||</controlfield><datafield tag="037" ind1="b" ind2="2"><subfield code="a">ger</subfield></datafield><datafield tag="064" ind1="a" ind2="2"><subfield code="a">Quelle</subfield><subfield code="9">(DE-588)4135952-5</subfield></datafield><datafield tag="070" ind1="-" ind2="1"><subfield code="a">292</subfield></datafield><datafield tag="070" ind1="-" ind2="2"><subfield code="a">292</subfield></datafield><datafield tag="080" ind1="-" ind2="1"><subfield code="a">60</subfield></datafield><datafield tag="080" ind1="-" ind2="2"><subfield code="a">60</subfield></datafield><controlfield tag="089">2</controlfield><datafield tag="090" ind1="-" ind2="1"><subfield code="a">2</subfield></datafield><datafield tag="100" ind1="-" ind2="2"><subfield code="p">Steck, Odil Hannes</subfield><subfield code="d">1935-2001</subfield><subfield code="9">(DE-588)119057603</subfield></datafield><datafield tag="101" ind1="-" ind2="2"><subfield code="p">Steck, Odil H.</subfield><subfield code="d">1935-2001</subfield></datafield><datafield tag="101" ind1="-" ind2="2"><subfield code="p">Steck, O. H.</subfield><subfield code="d">1935-2001</subfield></datafield><datafield tag="101" ind1="-" ind2="2"><subfield code="p">Steck, Odil</subfield><subfield code="d">1935-2001</subfield></datafield><datafield tag="331" ind1="-" ind2="1"><subfield code="a">Textheft</subfield></datafield><datafield tag="331" ind1="-" ind2="2"><subfield code="a">&lt;&lt;Die&gt;&gt; erste Jesajarolle von Qumran (1QIs a)</subfield></datafield><datafield tag="359" ind1="-" ind2="2"><subfield code="a">Odil Hannes Steck</subfield></datafield><datafield tag="410" ind1="-" ind2="2"><subfield code="a">Stuttgart</subfield></datafield><datafield tag="412" ind1="-" ind2="2"><subfield code="a">Verl. Kath. Bibelwerk</subfield></datafield><datafield tag="425" ind1="a" ind2="1"><subfield code="a">1998</subfield></datafield><datafield tag="433" ind1="-" ind2="1"><subfield code="a">83 S.</subfield></datafield><datafield tag="451" ind1="-" ind2="2"><subfield code="a">Stuttgarter Bibelstudien ; 173</subfield></datafield><datafield tag="453" ind1="-" ind2="2"><subfield code="a">HT001252724</subfield></datafield><datafield tag="455" ind1="-" ind2="2"><subfield code="a">173</subfield></datafield><datafield tag="456" ind1="-" ind2="2"><subfield code="a">173</subfield></datafield><datafield tag="523" ind1="-" ind2="2"><subfield code="a">Erschienen: Bd. 1 - 2</subfield></datafield><datafield tag="540" ind1="a" ind2="2"><subfield code="a">3-460-04731-3</subfield><subfield code="b">kart. : DM 68.00, DM 61.20 (Abo-Pr.), sfr 65.00, sfr 58.00 (Abo-Pr.), S 496.00, S 447.00 (Abo-Pr.)</subfield></datafield><datafield tag="902" ind1="-" ind2="2"><subfield code="t">Bibel</subfield><subfield code="u">Jesaja</subfield><subfield code="9">(DE-588)4028593-5</subfield></datafield><datafield tag="902" ind1="-" ind2="2"><subfield code="s">Rezeption</subfield><subfield code="9">(DE-588)4049716-1</subfield></datafield><datafield tag="902" ind1="-" ind2="2"><subfield code="t">Jesajarolle</subfield><subfield code="h">Qumrantexte</subfield><subfield code="9">(DE-588)4539193-2</subfield></datafield><datafield tag="907" ind1="-" ind2="2"><subfield code="t">Jesajarolle</subfield><subfield code="h">Qumrantexte</subfield><subfield code="9">(DE-588)4539193-2</subfield></datafield><controlfield tag="SYS">008598364</controlfield><datafield tag="LOW" ind1="-" ind2="1"><subfield code="a">Q0001</subfield></datafield><datafield tag="LOW" ind1="-" ind2="1"><subfield code="a">B4026</subfield></datafield><datafield tag="LOW" ind1="-" ind2="1"><subfield code="a">B4009</subfield></datafield><datafield tag="LOW" ind1="-" ind2="1"><subfield code="a">K1161</subfield></datafield><datafield tag="LOW" ind1="-" ind2="1"><subfield code="a">K1085</subfield></datafield><datafield tag="952" ind1="-" ind2="2"><subfield code="t">Bibel</subfield><subfield code="u">Isaïe</subfield></datafield><datafield tag="952" ind1="-" ind2="2"><subfield code="t">Bibel</subfield><subfield code="u">Isaiah</subfield></datafield><datafield tag="952" ind1="-" ind2="2"><subfield code="t">Bibel</subfield><subfield code="u">Esaias</subfield></datafield><datafield tag="952" ind1="-" ind2="2"><subfield code="t">Bibel</subfield><subfield code="u">&lt;&lt;The&gt;&gt; Book of the Prophet Isaiah</subfield></datafield><datafield tag="952" ind1="-" ind2="2"><subfield code="t">Isaias</subfield><subfield code="h">Buch</subfield></datafield><datafield tag="952" ind1="-" ind2="2"><subfield code="t">Jesaja</subfield><subfield code="h">Buch</subfield></datafield><datafield tag="952" ind1="-" ind2="2"><subfield code="t">Jes</subfield></datafield><datafield tag="952" ind1="-" ind2="2"><subfield code="t">Isa</subfield></datafield><datafield tag="952" ind1="-" ind2="2"><subfield code="t">Is</subfield></datafield><datafield tag="952" ind1="-" ind2="2"><subfield code="t">Es</subfield></datafield><datafield tag="952" ind1="-" ind2="2"><subfield code="t">Esaias (Buch der Bibel)</subfield></datafield><datafield tag="952" ind1="-" ind2="2"><subfield code="t">Isaias (Buch der Bibel)</subfield></datafield><datafield tag="952" ind1="-" ind2="2"><subfield code="t">&lt;&lt;The&gt;&gt; Book of the Prophet Isaiah</subfield></datafield><datafield tag="952" ind1="-" ind2="2"><subfield code="t">Yeshaʿyah</subfield></datafield><datafield tag="952" ind1="-" ind2="2"><subfield code="t">Yécha&apos;ya</subfield></datafield><datafield tag="952" ind1="-" ind2="2"><subfield code="t">Isaïe</subfield></datafield><datafield tag="952" ind1="-" ind2="2"><subfield code="t">Sefer Yeshaʿyah</subfield></datafield><datafield tag="952" ind1="-" ind2="2"><subfield code="U">Hebr</subfield><subfield code="t">ישעיה</subfield></datafield><datafield tag="952" ind1="-" ind2="2"><subfield code="U">Hebr</subfield><subfield code="t">ספר ישעיה</subfield></datafield><datafield tag="952" ind1="-" ind2="2"><subfield code="s">Fortwirken</subfield></datafield><datafield tag="952" ind1="-" ind2="2"><subfield code="s">Nachwirkung</subfield><subfield code="h">Rezeption</subfield></datafield><datafield tag="952" ind1="-" ind2="2"><subfield code="s">Nachleben</subfield></datafield><datafield tag="952" ind1="-" ind2="2"><subfield code="s">Wirkungsgeschichte</subfield></datafield><datafield tag="952" ind1="-" ind2="2"><subfield code="s">Aneignung</subfield><subfield code="h">Rezeption</subfield></datafield><datafield tag="952" ind1="-" ind2="2"><subfield code="t">1QIsª</subfield></datafield><datafield tag="952" ind1="-" ind2="2"><subfield code="t">1QIsa</subfield></datafield><datafield tag="952" ind1="-" ind2="2"><subfield code="t">1QJes a</subfield></datafield><datafield tag="952" ind1="-" ind2="2"><subfield code="t">1QIsa a</subfield></datafield><datafield tag="952" ind1="-" ind2="2"><subfield code="t">1QJes/a</subfield></datafield><datafield tag="952" ind1="-" ind2="2"><subfield code="t">1QJesa</subfield></datafield><datafield tag="952" ind1="-" ind2="2"><subfield code="t">Erste Jesajarolle</subfield></datafield><datafield tag="952" ind1="-" ind2="2"><subfield code="g">Jerusalem</subfield><subfield code="x">Rockefeller-Museum</subfield><subfield code="x">1QIsª</subfield></datafield><datafield tag="957" ind1="-" ind2="2"><subfield code="t">1QIsª</subfield></datafield><datafield tag="957" ind1="-" ind2="2"><subfield code="t">1QIsa</subfield></datafield><datafield tag="957" ind1="-" ind2="2"><subfield code="t">1QJes a</subfield></datafield><datafield tag="957" ind1="-" ind2="2"><subfield code="t">1QIsa a</subfield></datafield><datafield tag="957" ind1="-" ind2="2"><subfield code="t">1QJes/a</subfield></datafield><datafield tag="957" ind1="-" ind2="2"><subfield code="t">1QJesa</subfield></datafield><datafield tag="957" ind1="-" ind2="2"><subfield code="t">Erste Jesajarolle</subfield></datafield><datafield tag="957" ind1="-" ind2="2"><subfield code="g">Jerusalem</subfield><subfield code="x">Rockefeller-Museum</subfield><subfield code="x">1QIsª</subfield></datafield><datafield tag="088" ind1=" " ind2=" "><subfield code="a">5</subfield><subfield code="b">00000010</subfield><subfield code="c">98/5881 (2)</subfield><subfield code="e">ILL Ausleihe</subfield></datafield><datafield tag="088" ind1=" " ind2=" "><subfield code="a">294/21</subfield><subfield code="b">00021000</subfield><subfield code="c">AT IV Ma 29/2</subfield><subfield code="e">keine ILL</subfield></datafield><datafield tag="088" ind1=" " ind2=" "><subfield code="a">294/21</subfield><subfield code="b">00021000</subfield><subfield code="c">AT IV Ma 29/2</subfield><subfield code="e">keine ILL</subfield></datafield><datafield tag="088" ind1=" " ind2=" "><subfield code="a">294/38</subfield><subfield code="b">00038000</subfield><subfield code="c">AT 8c 106/173,2</subfield><subfield code="e">keine ILL</subfield></datafield><datafield tag="088" ind1=" " ind2=" "><subfield code="a">294/38</subfield><subfield code="b">00038000</subfield><subfield code="c">AT 8c 106/173,2+1</subfield><subfield code="e">keine ILL</subfield></datafield><datafield tag="088" ind1=" " ind2=" "><subfield code="a">38/311</subfield><subfield code="b">00311001</subfield><subfield code="c">311/B11.4/101-Text</subfield><subfield code="e">keine ILL</subfield></datafield><datafield tag="088" ind1=" " ind2=" "><subfield code="a">38/622</subfield><subfield code="b">00622001</subfield><subfield code="c">622/D47/173,2</subfield><subfield code="e">keine ILL</subfield></datafield><datafield tag="088" ind1=" " ind2=" "><subfield code="a">467</subfield><subfield code="c">21INR3491-2</subfield><subfield code="e">keine Angabe</subfield></datafield><datafield tag="088" ind1=" " ind2=" "><subfield code="a">6</subfield><subfield code="c">3F 25885-2</subfield><subfield code="e">keine Angabe</subfield></datafield><datafield tag="088" ind1=" " ind2=" "><subfield code="a">Tr 2</subfield><subfield code="b">M</subfield><subfield code="c">HA 4307:2</subfield><subfield code="e">ausleihbar</subfield></datafield><datafield tag="088" ind1=" " ind2=" "><subfield code="a">465</subfield><subfield code="b">E11</subfield><subfield code="c">INE3593-2</subfield><subfield code="e">Ausleihbestand</subfield></datafield><datafield tag="088" ind1=" " ind2=" "><subfield code="a">468</subfield><subfield code="b">21</subfield><subfield code="c">INE4028-2</subfield><subfield code="e">ausleihbar</subfield></datafield><datafield tag="088" ind1=" " ind2=" "><subfield code="a">6/006</subfield><subfield code="c">AT L IV 115-2-</subfield><subfield code="e">keine Angabe</subfield></datafield><datafield tag="088" ind1=" " ind2=" "><subfield code="a">6/069</subfield><subfield code="c">KThD:III Ae 1,173,2</subfield><subfield code="e">keine Angabe</subfield></datafield><datafield tag="088" ind1=" " ind2=" "><subfield code="a">6/011</subfield><subfield code="c">HS:C-16,173,2</subfield><subfield code="e">keine Angabe</subfield></datafield><datafield tag="088" ind1=" " ind2=" "><subfield code="a">361</subfield><subfield code="b">27_Mo</subfield><subfield code="c">AX104 S9B5S[173,2</subfield><subfield code="e">ILL Kopie+Ausl.</subfield></datafield><datafield tag="088" ind1=" " ind2=" "><subfield code="a">Lan 1</subfield><subfield code="c">teo 305-1/173,2</subfield><subfield code="e">Keine Angabe</subfield></datafield><datafield tag="088" ind1=" " ind2=" "><subfield code="a">62</subfield></datafield></record></metadata></record></ListRecords></OAI-PMH>